@online{Q1,
  author       = {Anju Thangam Joy},
  title        = {Was ist ein Aktuator - Arten und Anwendungen},
  url          = {https://tameson.de/pages/aktuator},
  year         = {10.03.2024},
}
@online{Q2,
  author       = {Anju Thangam Joy},
  title        = {Was ist ein Aktuator - Arten und Anwendungen},
  url          = {https://tameson.de/pages/aktuator},
  year         = {10.03.2024},
}
@online{Q3,
  author       = {Ingenieursmentalität},
  title        = {Servomotor erklärt},
  url          = {https://www.youtube.com/watch?v=g4BM1pjm64s},
  year         = {10.03.2024},
}
@online{Q4,
  author       = {REAC},
  title        = {Was ist ein Aktuator?},
  url          = {https://www.reac-group.com/de_de/wissenswertes/aktuatoren/was-ist-ein-aktuator/},
  year         = {10.03.2024},
}
@online{Q5,
  author       = {Firgelli Automations},
  title        = {Was sind die verschiedenen Arten von Aktuatoren?},
  url          = {https://www.firgelliauto.com/de/blogs/actuators/the-different-types-of-actuators},
  year         = {10.03.2024},
}
@online{Q6,
  author       = {Wikipedia},
  title        = {Servomotor},
  url          = {https://de.wikipedia.org/wiki/Servomotor},
  year         = {10.03.2024},
}
@online{Q7,
  author       = {Matthias Beetz},
  title        = {Grundlagen: Der Servomotor – Funktionsweise, Kühlung und Anwendungsgebiete},
  url          = {https://www.baumueller.com/de/insights/grundlagen/servomotor-funktionsweise-eigenschaften-anwendungsgebiete#:~:text=Der%20Servoantrieb%20bietet%20vor%20allem,Abbremsungen%20auf%20bestimmte%20Drehzahlen%20durchführen},
  year         = {10.03.2024},
}
@online{Q8,
  author       = {Ingenieursmentalität},
  title        = {Servomotor erklärt},
  url          = {https://www.youtube.com/watch?v=g4BM1pjm64s},
  year         = {10.03.2024},
}
@online{Q9,
  author       = {Studiflix},
  title        = {PID Regler},
  url          = {https://studyflix.de/informatik/pid-regler-1450},
  year      = {10.03.2024},
}
@book{Haager,
    author = {Wilhelm, Haager},
    title = {Regelungstechnik},
    year = {2022},
    publisher = {Hölder-Pichler-Tempsky},
    address = {Wien},
    edition = {Auflage 2}
}
@book{Q11,
    author     = {Wikipedia},
    title      = {Lageregelung},
    url        = {https://de.wikipedia.org/wiki/Lageregelung},
    year       = {10.03.2024},
}
@book{Q12,
    author     = {Wikipedia},
    title      = {PT1-Glied},
    url        = {https://de.wikipedia.org/wiki/PT1-Glied},
    year       = {10.03.2024},
}
@online{Q13,
  title        = {A comparative study on the position control method of dc servo motor with position feedback by using arduino},
  url          = {https://www.researchgate.net/publication/313384504_A_comparative_study_on_the_position_control_method_of_dc_servo_motor_with_position_feedback_by_using_arduino},
  year         = {19.03.2024},
}
------------------------------------------
@online{Apache,
  title        = {Apache},
  url          = {https://apache.org/licenses/LICENSE-1.0},
  year         = {10.03.2024},
}
@online{CreativeCommons35,
  author       = {Creative Commons},
  title        = {Was ist CC?},
  url          = {https://de.creativecommons.net/was-ist-cc/},
  year         = {10.03.2024},
}
@online{CreativeCommons36,
  author       = {Creative Commons},
  title        = {Wozu solch vorgefertigte Erklärungen?},
  url          = {https://de.creativecommons.net/was-ist-cc/},
  year         = {10.03.2024},
}
@online{CreativeCommons37,
  author       = {Creative Commons},
  title        = {Und was habe ich als Rechtinhaber davon?},
  url          = {https://de.creativecommons.net/was-ist-cc/},
  year         = {10.03.2024},
}
@online{CreativeCommonsBilder,
  title        = {Creative Commons Bilder},
  url          = {https://creativecommons.org/mission/downloads/},
  year         = {10.03.2024},
}
@online{CreativeComonsLizenz,
  title        = {Creative Commons Lizenz},
  url          = {https://creativecommons.org/share-your-work/cclicenses/},
  year         = {10.03.2024},
}
@online{CreativeComonsLizenzen,
  title        = {Creative Commons Lizenzen},
  url          = {https://creativecommons.org/share-your-work/cclicenses/},
  year         = {10.03.2024},
}
@online{CreativeCommonsVersion,
  title        = {Creative Commons Version},
  url          = {https://creativecommons.org/licenses/list.de},
  year         = {10.03.2024},
}
@online{GNU,
  title        = {GNU},
  url          = {https://www.gnu.org/licenses/copyleft.de.html },
  year         = {09.03.2024},
}
@online{Ionos7,
  author       = {Ionos},
  title        = {Urheberrecht bei Software},
  url          = {https://www.ionos.at/digitalguide/websites/online-recht/urheberrecht-bei-software/},
  year         = {06.03.2024},
}
@online{Ionos8,
  author       = {Ionos},
  title        = {Bedingungen für den Urheberrechtsschutz: Software als geistiges Eigentum},
  url          = {https://www.ionos.at/digitalguide/websites/online-recht/urheberrecht-bei-software/},
  year         = {06.03.2024},
}
@online{Ionos9,
  author       = {Ionos},
  title        = {Unter den urheberrechtlichen Schtuz fallen},
  url          = {https://www.ionos.at/digitalguide/websites/online-recht/urheberrecht-bei-software/},
  year         = {06.03.2024},
}
@online{Ionos10,
  author       = {Ionos},
  title        = {Nicht unter das Urheberrecht fallen hingegen},
  url          = {https://www.ionos.at/digitalguide/websites/online-recht/urheberrecht-bei-software/},
  year         = {06.03.2024},
}
@online{bpb,
  author       = {Kreutzer, T.},
  title        = {bpb},
  url          = {https://www.bpb.de/lernen/digitale-bildung/oer-material-fuer-alle/220550/die-sechs-creative-commons-lizenztypen-im-ueberblick/},
  year         = {10.03.2024},
}
@online{Opensource,
  title        = {Opensource},
  url          = {https://opensource.org/osd},
  year         = {07.03.2024},
}
@online{Saferinternet.p7,
  title        = {Saferinternet p.7},
  year         = {06.03.2024},
  url          = {https://www.saferinternet.at/themen/urheberrechte},
  pages        = {7}
}
@online{Saferinternet.p8,
  title        = {Saferinternet p.8},
  url          = {https://www.saferinternet.at/themen/urheberrechte},
  year         = {06.03.2024},
  pages        = {8}
}
@online{Saferinternet.p10,
  title        = {Saferinternet p.10},
  url          = {https://www.saferinternet.at/themen/urheberrechte},
  year         = {06.03.2024},
  pages        = {10}
}
@online{Saferinternet.p11,
  title        = {Saferinternet p.11},
  url          = {https://www.saferinternet.at/themen/urheberrechte},
  year         = {06.03.2024},
  pages        = {11}
}
@online{Saferinternet.p12,
  title        = {Saferinternet p.12},
  url          = {https://www.saferinternet.at/themen/urheberrechte},
  year         = {06.03.2024},
  pages        = {12}
}
@online{Giga,
  author       = {Schanze, R.},
  title        = {Giga},
  url          = {https://www.giga.de/artikel/was-ist-open-source-einfach-erklaert/},
  year         = {07.03.2024},
}
@online{PWC,
  author       = {Scholze, M.},
  title        = {PWC},
  url          = {https://www.pwc.de/de/digitale-transformation/open-source-software-management-und-compliance/open-source-software-aktuelle-trends-und-entwicklungen.html},
  year         = {07.03.2024},
}
@online{PWC2,
  author       = {Scholze, M.},
  title        = {Unternehmen und Behörden setzen auf Open Source Software},
  url          = {https://www.pwc.de/de/digitale-transformation/open-source-software-management-und-compliance/open-source-software-aktuelle-trends-und-entwicklungen.html},
  year         = {07.03.2024},
}
@online{Simpleclub23,
  author       = {Simpleclub},
  title        = {Softwarelizenzen einfach erklärt},
  url          = {https://simpleclub.com/lessons/fachinformatikerin-softwarelizenzen},
  year         = {07.03.2024},
}
@online{Simpleclub24,
  author       = {Simpleclub},
  title        = {Freie Softwarelizenzen},
  url          = {https://simpleclub.com/lessons/fachinformatikerin-softwarelizenzen},
  year         = {07.03.2024},
}
@online{Simpleclub25,
  author       = {Simpleclub},
  title        = {Kommerzielle Softwarelizenzen},
  url          = {https://simpleclub.com/lessons/fachinformatikerin-softwarelizenzen},
  year         = {07.03.2024},
}
@online{WikipediaApache,
  author       = {Wikipedia},
  title        = {Eigenschaften},
  url          = {https://de.wikipedia.org/wiki/Apache-Lizenz},
  year         = {07.03.2024},
}
@online{WikipediaGPL,
  title        = {Wikipedia GPL},
  url          = {https://de.wikipedia.org/wiki/GNU_General_Public_License},
  year         = {07.03.2024},
}
@online{WikipediaGPL2,
  author       = {Wikipedia GPL},
  title        = {Entstehung},
  url          = {https://de.wikipedia.org/wiki/GNU_General_Public_License},
  year         = {07.03.2024},
}
@online{WikipediaGPL3,
  author       = {Wikipedia GPL},
  title        = {Geschichte},
  url          = {https://de.wikipedia.org/wiki/GNU_General_Public_License},
  year         = {07.03.2024},
}
@online{WikipediaGPL4,
  author       = {Wikipedia GPL},
  title        = {GPL Version 3},
  url          = {https://de.wikipedia.org/wiki/GNU_General_Public_License},
  year         = {07.03.2024},
}
@online{WikipediaLinux,
  title        = {Wikipedia Linux},
  url          = {https://de.wikipedia.org/wiki/Linux_(Kernel)},
  year         = {10.03.2024},
}
@online{WikipediaOpenSource,
  author       = {Wikipedia},
  url          = {https://de.wikipedia.org/wiki/Open_Source},
  year         = {07.03.2024},
}
@online{WikipediaOpenSource12,
  author       = {Wikipedia},
  title        = {Definition},
  url          = {https://de.wikipedia.org/wiki/Open_Source},
  year         = {07.03.2024},
}
@online{WikipediaOpenSource16,
  author       = {Wikipedia},
  title        = {Geschichte},
  url          = {https://de.wikipedia.org/wiki/Open_Source},
  year         = {07.03.2024},
}
@online{bitkom,
  author       = {Wintergerst, R.},
  title        = {bitkom},
  url          = {https://www.pwc.de/de/digitale-transformation/bitkom-open-source-monitor-2023.pdf},
  year         = {10.03.2024},
}
------------------------------------------
@online{rubigm.p10,
  author       = {Prof. Dr. Manfred Wannöffel},
  title        = {LEITFADEN ZUR EINFÜHRUNG VON MENSCH ROBOTER KOLLABORATION: PERSPEKTIVEN DER BETRIEBLICHEN INTERESSENVERTRETUNG},
  url          = {https://www.rubigm.ruhr-uni-bochum.de/rubigm/mam/content/publications/scipub/mrk_leitfaden.pdf},
  year         = {05.03.2024},
  pages        = {10}
}
@online{rubigm.p11,
  author       = {Prof. Dr. Manfred Wannöffel},
  title        = {LEITFADEN ZUR EINFÜHRUNG VON MENSCH ROBOTER KOLLABORATION: PERSPEKTIVEN DER BETRIEBLICHEN INTERESSENVERTRETUNG},
  url          = {https://www.rubigm.ruhr-uni-bochum.de/rubigm/mam/content/publications/scipub/mrk_leitfaden.pdf},
  year         = {05.03.2024},
  pages        = {11}
}
@online{TÜVaustria,
  author       = {TÜV Austria},
  title        = {Mensch Roboter Kollaboration Einfluss der ITsecurity},
  url          = {https://tr.tuv.at/fileadmin/user_upload/docs/group/innovation/tuv-austria-white-paper-deutsch/003_tuv_austria_white_paper_III_einfluss_it_security_sicherheit_in_der_mensch_roboter_kollaboration_fraunhofer_DE_WEB.pdf},
  year         = {06.03.2024},
  pages        = {12}
}
@online{Frauenhofer17,
  author       = {Frauenhofer},
  title        = {Sicherheit in der Mensch-Roboter-Kollaboration},
  url          = {https://www.fraunhofer.at/content/dam/austria/documents/WhitePaperTUEV/White%20Paper_Sicherheit_MRK_Ausgabe%202.pdf},
  year         = {18.03.2024},
  pages        = {17}
}
@online{Frauenhofer18,
  author       = {Frauenhofer},
  title        = {Sicherheit in der Mensch-Roboter-Kollaboration},
  url          = {https://www.fraunhofer.at/content/dam/austria/documents/WhitePaperTUEV/White%20Paper_Sicherheit_MRK_Ausgabe%202.pdf},
  year         = {18.03.2024},
  pages        = {18}
}
@online{Frauenhofer21,
  author       = {Frauenhofer},
  title        = {Sicherheit in der Mensch-Roboter-Kollaboration},
  url          = {https://www.fraunhofer.at/content/dam/austria/documents/WhitePaperTUEV/White%20Paper_Sicherheit_MRK_Ausgabe%202.pdf},
  year         = {18.03.2024},
  pages        = {21}
}
@online{Frauenhofer22,
  author       = {Frauenhofer},
  title        = {Sicherheit in der Mensch-Roboter-Kollaboration},
  url          = {https://www.fraunhofer.at/content/dam/austria/documents/WhitePaperTUEV/White%20Paper_Sicherheit_MRK_Ausgabe%202.pdf},
  year         = {18.03.2024},
  pages        = {22}
}
@online{Frauenhofer23,
  author       = {Frauenhofer},
  title        = {Sicherheit in der Mensch-Roboter-Kollaboration},
  url          = {https://www.fraunhofer.at/content/dam/austria/documents/WhitePaperTUEV/White%20Paper_Sicherheit_MRK_Ausgabe%202.pdf},
  year         = {18.03.2024},
  pages        = {23}
}
@online{FHvorarlberg,
  author       = {Düngler Sebastian, FH Vorarlberg},
  title        = {Mensch Roboter Kollaboration (MRK) Gestaltungshilfe für MRK Anwendungen},
  url          = {https://opus.fhv.at/frontdoor/deliver/index/docId/4600/file/MRK_Gestaltungshilfe_fuer_MRK-Anwendungen.pdf},
  year         = {11.03.2024},
  pages        = {31-32}
}
@online{ISA,
  author       = {International Society of Automation},
  title        = {ISA/IEC 62443 Series of Standards},
  url          = {https://www.isa.org/standards-and-publications/isa-standards/isa-iec-62443-series-of-standards},
  year         = {13.03.2024}
}
@online{Pilz,
  author       = {Pilz: The Spirit of Safety},
  title        = {EN 61508: Funktionale Sicherheit von Steuerungssystemen},
  url          = {https://www.pilz.com/de-DE/support/law-standards-norms/functional-safety/en-iec-61508},
  year         = {13.03.2024}
}
@online{TÜVsüd,
  author       = {TÜV Süd},
  title        = {MASCHINENRICHTLINIE 2006/42/EG EINFACH ERKLÄRT},
  url          = {https://www.tuvsud.com/de-de/indust-re/maschinensicherheit-info/maschinenrichtlinie},
  year         = {13.03.2024}
}
@online{Generationrobots,
  author       = {Vanessa Mazzari},
  title        = {Ultraschallsensoren für Kollisionvermeidung},
  url          = {https://www.generationrobots.com/blog/de/ultraschallsensoren-fur-kollisionvermeidung/},
  year         = {18.03.2024}
}
@online{CIAtriade,
  author       = {Josh, Fruhlinger},
  title        = {The CIA triad: Definition, components and examples},
  url          = {https://www.csoonline.com/article/568917/the-cia-triad-definition-components-and-examples.html},
  year         = {21.03.2024}
}
------------------------------------------
@online{Flexsensorabbildung,
  author       = {SparkFun Electronics},
  title        = {Flexsensor},
  url          = {https://commons.wikimedia.org/wiki/File:Flex_Sensor.jpg#/media/File:Flex_Sensor.jpg},
  year         = {10.03.2024}
}
@online{Servoabbildung,
  author       = {Blogspot},
  title        = {Futaba S3003 Servo.jpg},
  url          = {https://3.bp.blogspot.com/-_Qhk9H-K3tI/UVQhc8-bxSI/AAAAAAAABT4/bWZ8dEICtZY/s640/Futaba_S3003_Servo.jpg},
  year         = {10.03.2024}
}
@online{I2Cabbildung,
  author       = {FMH-Studios},
  title        = {I2C Zeitdiagramm},
  url          = {http://fmh-studios.de/theorie/informationstechnik/i2c-bus/},
  year         = {10.03.2024}
}
@online{WIFIabbildung,
  author       = {Afrank99},
  title        = {WIFI Logo},
  url          = {https://commons.wikimedia.org/wiki/File:WiFi_Logo.svg#/media/Datei:WiFi_Logo.svg},
  year         = {10.03.2024}
}